<?xml version="1.0" encoding="UTF-8"?><collection xmlns="http://www.loc.gov/MARC21/slim"><record><leader>00480nam--2200169-u-4500</leader><controlfield tag="001">000054378</controlfield><controlfield tag="002">20161230</controlfield><controlfield tag="005">20161230201051</controlfield><controlfield tag="008">111205s1000------------r-----000-0-eng-d</controlfield><datafield ind1=" " ind2=" " tag="040"><subfield code="a">IFIN-HH</subfield></datafield><datafield ind1=" " ind2=" " tag="080"><subfield code="a">539.162.8:539.126(043)</subfield></datafield><datafield ind1="1" ind2=" " tag="100"><subfield code="a">Massaro, G.G.G</subfield></datafield><datafield ind1="1" ind2="0" tag="245"><subfield code="a">The two-body reactions k p meson + hyperon at 4.2.gev/c</subfield><subfield code="b">Dissertation</subfield><subfield code="c">G.g.g. massaro</subfield></datafield><datafield ind1=" " ind2=" " tag="260"><subfield code="a">Amsterdam</subfield><subfield code="b">Universiteit</subfield><subfield code="c">1978</subfield></datafield><datafield ind1=" " ind2=" " tag="300"><subfield code="a">125P</subfield></datafield><datafield ind1=" " ind2=" " tag="852"><subfield code="a">45994</subfield><subfield code="c">539.12</subfield></datafield><datafield ind1=" " ind2=" " tag="CAT"><subfield code="a">Sys</subfield><subfield code="c">20111205</subfield><subfield code="h">151208</subfield></datafield></record></collection>